@online{altabaaAbstractorsTransformer2023,
  title = {Abstractors: {{Transformer Modules}} for {{Symbolic Message Passing}} and {{Relational Reasoning}}},
  shorttitle = {Abstractors},
  author = {Altabaa, Awni and Webb, Taylor and Cohen, Jonathan and Lafferty, John},
  date = {2023-04-01},
  url = {https://arxiv.org/abs/2304.00195v2},
  urldate = {2023-06-28},
  langid = {english},
  pubstate = {preprint}
}

@article{barronUniversalApproximation1993,
  title = {Universal Approximation Bounds for Superpositions of a Sigmoidal Function},
  author = {Barron, A.R.},
  date = {1993-05},
  journaltitle = {IEEE Transactions on Information Theory},
  shortjournal = {IEEE Trans. Inform. Theory},
  volume = {39},
  number = {3},
  pages = {930--945},
  issn = {0018-9448, 1557-9654},
  doi = {10.1109/18.256500},
  url = {https://ieeexplore.ieee.org/document/256500/},
  urldate = {2023-03-31}
}

@article{cybenkoApproximationSuperpositions1989,
  title = {Approximation by Superpositions of a Sigmoidal Function},
  author = {Cybenko, G.},
  date = {1989-12},
  journaltitle = {Mathematics of Control, Signals, and Systems},
  shortjournal = {Math. Control Signal Systems},
  volume = {2},
  number = {4},
  pages = {303--314},
  issn = {0932-4194, 1435-568X},
  doi = {10.1007/BF02551274},
  url = {http://link.springer.com/10.1007/BF02551274},
  urldate = {2023-03-31},
  langid = {english}
}

@online{devitoExtensionMercer2011,
  title = {An Extension of {{Mercer}} Theorem to Vector-Valued Measurable Kernels},
  author = {De Vito, Ernesto and Umanita`, Veronica and Villa, Silvia},
  date = {2011-10-18},
  eprint = {1110.4017},
  eprinttype = {arxiv},
  eprintclass = {math},
  url = {http://arxiv.org/abs/1110.4017},
  urldate = {2023-05-06},
  pubstate = {preprint}
}

@article{hornikMultilayerFeedforward1989,
  title = {Multilayer Feedforward Networks Are Universal Approximators},
  author = {Hornik, Kurt and Stinchcombe, Maxwell and White, Halbert},
  date = {1989-01-01},
  journaltitle = {Neural Networks},
  shortjournal = {Neural Networks},
  volume = {2},
  number = {5},
  pages = {359--366},
  issn = {0893-6080},
  doi = {10.1016/0893-6080(89)90020-8},
  url = {https://www.sciencedirect.com/science/article/pii/0893608089900208},
  urldate = {2022-10-07},
  langid = {english}
}

@online{kergNeuralArchitecture2022,
  title = {On {{Neural Architecture Inductive Biases}} for {{Relational Tasks}}},
  author = {Kerg, Giancarlo and Mittal, Sarthak and Rolnick, David and Bengio, Yoshua and Richards, Blake and Lajoie, Guillaume},
  date = {2022-06-09},
  eprint = {2206.05056},
  eprinttype = {arxiv},
  eprintclass = {cs},
  doi = {10.48550/arXiv.2206.05056},
  url = {http://arxiv.org/abs/2206.05056},
  urldate = {2022-09-13},
  pubstate = {preprint}
}

@article{mercerFunctionsPositive1909,
  title = {Functions of {{Positive}} and {{Negative Type}}, and Their {{Connection}} with the {{Theory}} of {{Integral Equations}}},
  author = {Mercer, J.},
  date = {1909},
  journaltitle = {Philosophical Transactions of the Royal Society of London. Series A, Containing Papers of a Mathematical or Physical Character},
  volume = {209},
  eprint = {91043},
  eprinttype = {jstor},
  pages = {415--446},
  publisher = {{The Royal Society}},
  issn = {0264-3952},
  url = {https://www.jstor.org/stable/91043},
  urldate = {2023-03-31}
}

@article{micchelliUniversalKernels2006,
  title = {Universal {{Kernels}}},
  author = {Micchelli, Charles A. and Xu, Yuesheng and Zhang, Haizhang},
  date = {2006},
  journaltitle = {Journal of Machine Learning Research},
  volume = {7},
  number = {95},
  pages = {2651--2667},
  issn = {1533-7928},
  url = {http://jmlr.org/papers/v7/micchelli06a.html},
  urldate = {2023-03-31}
}

@inproceedings{santoroRelationalRecurrent2018,
  title = {Relational Recurrent Neural Networks},
  booktitle = {Advances in {{Neural Information Processing Systems}}},
  author = {Santoro, Adam and Faulkner, Ryan and Raposo, David and Rae, Jack and Chrzanowski, Mike and Weber, Theophane and Wierstra, Daan and Vinyals, Oriol and Pascanu, Razvan and Lillicrap, Timothy},
  date = {2018},
  volume = {31},
  publisher = {{Curran Associates, Inc.}},
  url = {https://proceedings.neurips.cc/paper/2018/hash/e2eabaf96372e20a9e3d4b5f83723a61-Abstract.html},
  urldate = {2022-11-11}
}

@online{santoroSimpleNeural2017,
  title = {A Simple Neural Network Module for Relational Reasoning},
  author = {Santoro, Adam and Raposo, David and Barrett, David G. T. and Malinowski, Mateusz and Pascanu, Razvan and Battaglia, Peter and Lillicrap, Timothy},
  date = {2017-06-05},
  eprint = {1706.01427},
  eprinttype = {arxiv},
  eprintclass = {cs},
  url = {http://arxiv.org/abs/1706.01427},
  urldate = {2022-11-11},
  pubstate = {preprint}
}

@article{seelyNonSymmetricKernels1919,
  title = {Non-{{Symmetric Kernels}} of {{Positive Type}}},
  author = {Seely, Dr. Caroline E.},
  date = {1919-03},
  journaltitle = {The Annals of Mathematics},
  shortjournal = {The Annals of Mathematics},
  volume = {20},
  number = {3},
  eprint = {1967866},
  eprinttype = {jstor},
  pages = {172},
  issn = {0003486X},
  doi = {10.2307/1967866},
  url = {https://www.jstor.org/stable/1967866?origin=crossref},
  urldate = {2023-04-13}
}

@article{sunMercerTheorem2005,
  title = {Mercer Theorem for {{RKHS}} on Noncompact Sets},
  author = {Sun, Hongwei},
  date = {2005-06},
  journaltitle = {Journal of Complexity},
  shortjournal = {Journal of Complexity},
  volume = {21},
  number = {3},
  pages = {337--349},
  issn = {0885064X},
  doi = {10.1016/j.jco.2004.09.002},
  url = {https://linkinghub.elsevier.com/retrieve/pii/S0885064X04000822},
  urldate = {2023-03-31},
  langid = {english}
}

@online{webbEmergentSymbols2021,
  title = {Emergent {{Symbols}} through {{Binding}} in {{External Memory}}},
  author = {Webb, Taylor W. and Sinha, Ishan and Cohen, Jonathan D.},
  date = {2021-03-09},
  eprint = {2012.14601},
  eprinttype = {arxiv},
  eprintclass = {cs},
  doi = {10.48550/arXiv.2012.14601},
  url = {http://arxiv.org/abs/2012.14601},
  urldate = {2022-09-13},
  pubstate = {preprint}
}

@inproceedings{zhangReproducingKernel2009,
  title = {Reproducing Kernel {{Banach}} Spaces for Machine Learning},
  booktitle = {2009 {{International Joint Conference}} on {{Neural Networks}}},
  author = {Zhang, Haizhang and Xu, Yuesheng and Zhang, Jun},
  date = {2009-06},
  pages = {3520--3527},
  publisher = {{IEEE}},
  location = {{Atlanta, Ga, USA}},
  doi = {10.1109/IJCNN.2009.5179093},
  url = {http://ieeexplore.ieee.org/document/5179093/},
  urldate = {2023-05-06},
  eventtitle = {2009 {{International Joint Conference}} on {{Neural Networks}} ({{IJCNN}} 2009 - {{Atlanta}})},
  isbn = {978-1-4244-3548-7},
  langid = {english}
}
